<?xml version="1.0" encoding="utf-8"?>
<record xmlns="http://www.loc.gov/MARC21/slim" xmlns:xsi="http://www.w3.org/2001/XMLSchema-instance" xsi:schemaLocation="http://www.loc.gov/MARC21/slim http://www.loc.gov/standards/marcxml/schema/MARC21slim.xsd">
	<leader>     nam a22        4500</leader>
	<controlfield tag="001">4611939</controlfield>
	<controlfield tag="003">NIC</controlfield>
	<controlfield tag="006">m        d        </controlfield>
	<controlfield tag="007">cr cn |||m|||a</controlfield>
	<controlfield tag="008">170119m19399999ua a    obc   000 0 ara d</controlfield>
	<datafield ind1=" " ind2=" " tag="040">
		<subfield code="a">NNU</subfield>
		<subfield code="b">eng</subfield>
		<subfield code="e">rda</subfield>
		<subfield code="c">NNU</subfield>
	</datafield>
	<datafield ind1="0" ind2=" " tag="041">
		<subfield code="a">ara</subfield>
		<subfield code="a">eng</subfield>
	</datafield>
	<datafield ind1=" " ind2=" " tag="043">
		<subfield code="a">f-ua---</subfield>
	</datafield>
	<datafield ind1=" " ind2="4" tag="050">
		<subfield code="a">Z106.2.C6</subfield>
		<subfield code="b">S5</subfield>
	</datafield>
	<datafield ind1="1" ind2=" " tag="100">
		<subfield code="6">880-01</subfield>
		<subfield code="a">Simaykah, Murqus,</subfield>
		<subfield code="d">1864-1944.</subfield>
	</datafield>
	<datafield ind1="1" ind2="0" tag="245">
		<subfield code="6">880-02</subfield>
		<subfield code="a">Fahāris al-makhṭūṭāt al-qibṭīyah wa-al-ʻarabīyah al-mawjūdah bi-al-matḥaf al-qibṭī wa-al-dār al-baṭriyarkiyah wa-ahamm kanāʼis al-Qāhirah wa-al-Iskandarīyah wa-adyirat al-quṭr al-miṣrī /</subfield>
		<subfield code="c">taʼlīf Murqus Simaykah bi-musā ʻadat Yassa ʻAbd al-Masīḥ = Catalogue of the Coptic and Arabic manuscripts in the Coptic Museum, the Patriarchate, the principal churches of Cairo and Alexandria, and the monasteries of Egypt / by Marcus Simaika Pasha ; assisted by Yassa ʻAbd al Masiḥ.</subfield>
	</datafield>
	<datafield ind1="3" ind2="1" tag="246">
		<subfield code="a">Catalogue of the Coptic and Arabic manuscripts in the Coptic Museum, the Patriarchate, the principal churches of Cairo and Alexandria, and the monasteries of Egypt</subfield>
	</datafield>
	<datafield ind1=" " ind2=" " tag="260">
		<subfield code="a">Cairo :</subfield>
		<subfield code="b">Government Press,</subfield>
		<subfield code="c">1939-</subfield>
	</datafield>
	<datafield ind1=" " ind2=" " tag="300">
		<subfield code="a">online resource (volumes) :</subfield>
		<subfield code="b">illustrations</subfield>
	</datafield>
	<datafield ind1=" " ind2=" " tag="336">
		<subfield code="a">text</subfield>
		<subfield code="2">rdacontent</subfield>
	</datafield>
	<datafield ind1=" " ind2=" " tag="337">
		<subfield code="a">computer</subfield>
		<subfield code="2">rdamedia</subfield>
	</datafield>
	<datafield ind1=" " ind2=" " tag="338">
		<subfield code="a">online resource</subfield>
		<subfield code="2">rdacarrier</subfield>
	</datafield>
	<datafield ind1=" " ind2=" " tag="500">
		<subfield code="a">Part of the Arabic Collections Online (ACO) project, contributed by Cornell University Libraries.</subfield>
	</datafield>
	<datafield ind1=" " ind2=" " tag="533">
		<subfield code="a">Electronic reproduction.</subfield>
		<subfield code="b">New York, N.Y. :</subfield>
		<subfield code="c">New York University,</subfield>
		<subfield code="d">2017.</subfield>
		<subfield code="5">NNU</subfield>
	</datafield>
	<datafield ind1=" " ind2=" " tag="546">
		<subfield code="a">Arabic and English.</subfield>
	</datafield>
	<datafield ind1=" " ind2=" " tag="500">
		<subfield code="a">At head of title: Publications of the Coptic Museum.</subfield>
	</datafield>
	<datafield ind1="0" ind2=" " tag="505">
		<subfield code="a">v. 1. -- al-Muqaddimah. al-Matḥaf al-Qibṭī. -- 2, pt. 1. Maktabat Dār al-Baṭriyarkīyah.</subfield>
	</datafield>
	<datafield ind1=" " ind2="0" tag="650">
		<subfield code="a">Coptic manuscripts</subfield>
		<subfield code="z">Egypt</subfield>
		<subfield code="v">Bibliography.</subfield>
	</datafield>
	<datafield ind1=" " ind2="0" tag="650">
		<subfield code="a">Manuscripts, Arabic</subfield>
		<subfield code="z">Egypt</subfield>
		<subfield code="v">Bibliography.</subfield>
	</datafield>
	<datafield ind1=" " ind2="7" tag="650">
		<subfield code="a">Coptic manuscripts.</subfield>
		<subfield code="2">fast</subfield>
		<subfield code="0">(OCoLC)fst01734594</subfield>
	</datafield>
	<datafield ind1=" " ind2="7" tag="650">
		<subfield code="a">Manuscripts, Arabic.</subfield>
		<subfield code="2">fast</subfield>
		<subfield code="0">(OCoLC)fst01008278</subfield>
	</datafield>
	<datafield ind1=" " ind2="7" tag="651">
		<subfield code="a">Egypt.</subfield>
		<subfield code="2">fast</subfield>
		<subfield code="0">(OCoLC)fst01208755</subfield>
	</datafield>
	<datafield ind1=" " ind2="7" tag="655">
		<subfield code="a">Bibliography.</subfield>
		<subfield code="2">fast</subfield>
		<subfield code="0">(OCoLC)fst01423717</subfield>
	</datafield>
	<datafield ind1="1" ind2=" " tag="700">
		<subfield code="6">880-03</subfield>
		<subfield code="a">ʻAbd al-Masīḥ, Yassá.</subfield>
	</datafield>
	<datafield ind1="2" ind2=" " tag="710">
		<subfield code="6">880-04</subfield>
		<subfield code="a">Matḥaf al-Qibṭī (Cairo, Egypt)</subfield>
	</datafield>
	<datafield ind1="2" ind2=" " tag="710">
		<subfield code="a">Cornell University.</subfield>
		<subfield code="b">Libraries.</subfield>
	</datafield>
	<datafield ind1="0" ind2=" " tag="730">
		<subfield code="a">Arabic Collections Online.</subfield>
	</datafield>
	<datafield ind1="0" ind2="8" tag="776">
		<subfield code="i">Print version:</subfield>
		<subfield code="a">Simaykah, Murqus, 1864-1944.</subfield>
		<subfield code="t">Fahāris al-makhṭūṭāt al-qibṭīyah wa-al-ʻarabīyah al-mawjūdah bi-al-matḥaf al-qibṭī wa-al-dār al-baṭriyarkiyah wa-ahamm kanāʼis al-Qāhirah wa-al-Iskandarīyah wa-adyirat al-quṭr al-miṣrī</subfield>
		<subfield code="w">(NIC)4611939</subfield>
		<subfield code="w">(OCoLC)12016649</subfield>
	</datafield>
	<datafield ind1="4" ind2="0" tag="856">
		<subfield code="u">http://hdl.handle.net/2333.1/47d7wqn7</subfield>
	</datafield>
	<datafield ind1="1" ind2=" " tag="880">
		<subfield code="6">100-01</subfield>
		<subfield code="a">سميكة، مرقس،</subfield>
		<subfield code="d">1864-1944.</subfield>
	</datafield>
	<datafield ind1="1" ind2="0" tag="880">
		<subfield code="6">245-02</subfield>
		<subfield code="a">فهارس المخطوطات القبطية والعربية الموجودة بالمتحف القبطي والدار البطريركية واهم كنائس القاهرة والاسكندرية واديرة القطر المصري /</subfield>
		<subfield code="c">تأليف مرقس سميكة بمسا عدة يس عبد المسيح = Catalogue of the Coptic and Arabic manuscripts in the Coptic Museum, the Patriarchate, the principal churches of Cairo and Alexandria, and the monasteries of Egypt / by Marcus Simaika Pasha ; assisted by Yassa ʻAbd al Masiḥ.</subfield>
	</datafield>
	<datafield ind1="1" ind2=" " tag="880">
		<subfield code="6">700-03</subfield>
		<subfield code="a">عبد المسيح، يسى.</subfield>
	</datafield>
	<datafield ind1="2" ind2=" " tag="880">
		<subfield code="6">710-04</subfield>
		<subfield code="a">متحف القبطي (القاهرة، مصر)</subfield>
	</datafield>
	<datafield ind1=" " ind2=" " tag="959">
		<subfield code="a">NNU</subfield>
		<subfield code="b">WEB</subfield>
		<subfield code="c">GENI</subfield>
		<subfield code="t">0</subfield>
		<subfield code="m">Electronic access</subfield>
		<subfield code="s">01</subfield>
	</datafield>
	<datafield ind1=" " ind2=" " tag="999">
		<subfield code="i">NIC_4611939</subfield>
		<subfield code="o">(OCoLC)ocm12016649</subfield>
		<subfield code="s">cornell_aco000571:v.2:fasc.1</subfield>
		<subfield code="s">cornell_aco000572:v.1</subfield>
		<subfield code="e">(ERROR-880)</subfield>
		<subfield code="s">cornell_aco000571:v.2:fasc.1</subfield>
		<subfield code="s">cornell_aco000572:v.1</subfield>
	</datafield>
</record>
